<?xml version="1.0" encoding="UTF-8"?><collection xmlns="http://www.loc.gov/MARC21/slim"><record><leader>00668nam--2200193-i-4500</leader><controlfield tag="001">000027276</controlfield><controlfield tag="002">20161230</controlfield><controlfield tag="005">20161230201036</controlfield><controlfield tag="008">060222s1000------------r-----000-0-eng-d</controlfield><datafield ind1=" " ind2=" " tag="020"><subfield code="a">0915692155</subfield></datafield><datafield ind1=" " ind2=" " tag="040"><subfield code="a">IFIN-HH</subfield></datafield><datafield ind1=" " ind2=" " tag="080"><subfield code="a">512.81(082.1)</subfield></datafield><datafield ind1="1" ind2=" " tag="100"><subfield code="a">Wallach, N.R</subfield></datafield><datafield ind1=" " ind2=" " tag="245"><subfield code="a">Lie groups: history, frontiers and applications</subfield><subfield code="b">Volume v symplectic geometry and fourier analysis. with an appendix on quantum mechanics by robert hermann</subfield><subfield code="c">Nolan r. wallach</subfield></datafield><datafield ind1=" " ind2=" " tag="260"><subfield code="a">Brookline</subfield><subfield code="b">Math Sci Press</subfield><subfield code="c">1977</subfield></datafield><datafield ind1=" " ind2=" " tag="300"><subfield code="a">XVII + 436P</subfield></datafield><datafield ind1=" " ind2=" " tag="490"><subfield code="a">Lie Groups: History, Frontiers And Applications</subfield><subfield code="v">Volume V</subfield></datafield><datafield ind1=" " ind2=" " tag="852"><subfield code="a">46872</subfield><subfield code="c">519.4/5</subfield></datafield><datafield ind1=" " ind2=" " tag="CAT"><subfield code="a">Sys</subfield><subfield code="c">20130814</subfield><subfield code="h">115926</subfield></datafield></record></collection>